@TechReport{Ford139,
  author =       {D. Ford and  A. Faulkner and P. Alexander},
  title =        { {A Software Correlator for SKA1} },
  institution =  {SKA Project Office},
  year =         {2012},
  OPTkey =       {},
  OPTtype =      {},
  number =       {139},
  OPTaddress =   {},
  OPTmonth =     {},
  OPTnote =      {},
  OPTannote =    {},
  url       =    {http://www.skatelescope.org/uploaded/31235_139_Memo_Ford.pdf}
}

@TechReport{Hymphreys132,
  author =       {B. Humphreys and T. Cornwell},
  title =        { {Analysis of Convolutional Resampling Algorithm Performance} },
  institution =  {SKA Project Office Memo Series},
  year =         {2011},
  OPTkey =       {},
  OPTtype =      {},
  number =       {132},
  OPTaddress =   {},
  OPTmonth =     {},
  OPTnote =      {},
  OPTannote =    {},
  url       =    {http://www.atnf.csiro.au/people/Ben.Humphreys/papers/132_Memo_Humphreys.pdf}
}

@inproceedings{  Romein:12a,
    title       = {{An Efficient Work-Distribution Strategy for Gridding Radio-Telescope Data on GPUs}},
    author      = {John W. Romein},
    booktitle   = {ACM International Conference on Supercomputing (ICS'12)},
    pages	= {321--330},
    address     = {Venice, Italy},
    month       = {June},
    year        = {2012},
    url = {http://www.astron.nl/~romein/papers/ICS-12/gridding.pdf}
}

@TechReport{ClarkMemo107,
  author =       {B. G. Clark},
  title =        {Curvature of the Sky},
  institution =  {NRAO, VLA Memo Series},
  year =         {1973},
  OPTkey =       {},
  OPTtype =      {},
  OPTnumber =    {},
  OPTaddress =   {},
  OPTmonth =     {},
  OPTnote =      {},
  OPTannote =    {},
  url = {http://www.vla.nrao.edu/memos/sci/107.pdf}
}

@INPROCEEDINGS{Nieuwpoort09usingmany-core,
    author = {Rob V. Van Nieuwpoort and John W. Romein},
    title = {Using many-core hardware to correlate radio astronomy signals},
    booktitle = {In 23rd ACM International Conference on Supercomputing},
    year = {2009},
    url ={http://www.exaska.org/Codes/many-core-correlators.tgz}
}

@article{Cornwell:2008qj,
      author         = "Cornwell, T.J. and Golap, K. and Bhatnagar, S.",
      title          = "{The non-coplanar baselines effect in radio
                        interferometry: The W-Projection algorithm}",
      year           = "2008",
      eprint         = "0807.4161",
      archivePrefix  = "arXiv",
      primaryClass   = "astro-ph",
      SLACcitation   = "%%CITATION = ARXIV:0807.4161;%%",
}


@ARTICLE{2008A&A...487..419B,
   author = {{Bhatnagar}, S. and {Cornwell}, T.~J. and {Golap}, K. and {Uson}, J.~M.
	},
    title = "{Correcting direction-dependent gains in the deconvolution of radio interferometric images}",
  journal = {\aap},
archivePrefix = "arXiv",
   eprint = {0805.0834},
 keywords = {methods: data analysis, techniques: interferometic, techniques: image processing, techniques: polarimetric},
     year = 2008,
    month = aug,
   volume = 487,
    pages = {419-429},
      doi = {10.1051/0004-6361:20079284},
   adsurl = {http://adsabs.harvard.edu/abs/2008A%26A...487..419B},
  adsnote = {Provided by the SAO/NASA Astrophysics Data System}
}

@TechReport{NikolicParModel2014,
  author = 	 {Nikolic, Bojan  and  Alexander, Paul  and Bolton, Rosie  and van Diepen, Ger  and Dodson, Richard  and Nijboer, Ronald  and Scaife, Anna  and Voronkov, Maxim  and Wicenec, Andreas },
  title = 	 {{Parametric Models Of SDP Compute Requirements}},
  institution =  {SKA Science Data Processor Consortium},
  year = 	 {2014},
  OPTkey = 	 {},
  OPTtype = 	 {},
  number =	 {SKA-TEL-SDP-0000003},
  OPTaddress = 	 {},
  month =	 {September},
  OPTnote = 	 {},
  OPTannote = 	 {}
}



@TechReport{SDPConstructionCost2014,
  author = 	 {SDP Consortium},
  title = 	 {Preliminary Cost Analysis},
  institution =  {SKA Science Data Processor Consortium},
  year = 	 {2014},
  OPTkey = 	 {},
  OPTtype = 	 {},
  number =	 {SKA-TEL-SDP-0000004},
  OPTaddress = 	 {},
  month =	 {September},
  OPTnote = 	 {},
  OPTannote = 	 {}
}


@inproceedings{Hewitt:1973:UMA:1624775.1624804,
 author = {Hewitt, Carl and Bishop, Peter and Steiger, Richard},
 title = {A Universal Modular ACTOR Formalism for Artificial Intelligence},
 booktitle = {Proceedings of the 3rd International Joint Conference on Artificial Intelligence},
 series = {IJCAI'73},
 year = {1973},
 location = {Stanford, USA},
 pages = {235--245},
 numpages = {11},
 url = {http://dl.acm.org/citation.cfm?id=1624775.1624804},
 acmid = {1624804},
 publisher = {Morgan Kaufmann Publishers Inc.},
 address = {San Francisco, CA, USA},
} 

@article{Johnston:2004:ADP:1013208.1013209,
 author = {Johnston, Wesley M. and Hanna, J. R. Paul and Millar, Richard J.},
 title = {Advances in Dataflow Programming Languages},
 journal = {ACM Comput. Surv.},
 issue_date = {March 2004},
 volume = {36},
 number = {1},
 month = mar,
 year = {2004},
 issn = {0360-0300},
 pages = {1--34},
 numpages = {34},
 url = {http://doi.acm.org/10.1145/1013208.1013209},
 doi = {10.1145/1013208.1013209},
 acmid = {1013209},
 publisher = {ACM},
 address = {New York, NY, USA},
 keywords = {Dataflow, co-ordination languages, component software, data flow visual programming, graphical programming, multithreading, software engineering},
} 

@INPROCEEDINGS{Bosilca6008964,
author={Bosilca, G. and Bouteiller, A. and Danalis, A. and Herault, T. and Lemarinier, P. and Dongarra, J.},
booktitle={Parallel and Distributed Processing Workshops and Phd Forum (IPDPSW), 2011 IEEE International Symposium on},
title={DAGuE: A Generic Distributed DAG Engine for High Performance Computing},
year={2011},
month={May},
pages={1151-1158},
keywords={cache storage;directed graphs;linear algebra;matrix decomposition;parallel architectures;processor scheduling;programming environments;scientific information systems;DAGuE;architecture aware scheduling;cache awareness;data dependency;data-locality;direct acyclic graph;distributed many-core heterogeneous architectures;frenetic development;fully-distributed scheduler;generic distributed DAG engine;high performance computing;linear algebra factorization;micro-benchmarks;micro-tasks management;problem-size independent format;scientific computing community;state-of-the-art programming environments;task priority;totally distributed fashion;Benchmark testing;Computer architecture;Engines;Instruction sets;Niobium;Processor scheduling;Tiles},
doi={10.1109/IPDPS.2011.281},
ISSN={1530-2075},}




@inproceedings{Wozniak:2012:TDD:2443416.2443421,
 author = {Wozniak, Justin M. and Armstrong, Timothy G. and Maheshwari, Ketan and Lusk, Ewing L. and Katz, Daniel S. and Wilde, Michael and Foster, Ian T.},
 title = {Turbine: A Distributed-memory Dataflow Engine for Extreme-scale Many-task Applications},
 booktitle = {Proceedings of the 1st ACM SIGMOD Workshop on Scalable Workflow Execution Engines and Technologies},
 series = {SWEET '12},
 year = {2012},
 isbn = {978-1-4503-1876-1},
 location = {Scottsdale, Arizona},
 pages = {5:1--5:12},
 articleno = {5},
 numpages = {12},
 url = {http://doi.acm.org/10.1145/2443416.2443421},
 doi = {10.1145/2443416.2443421},
 acmid = {2443421},
 publisher = {ACM},
 address = {New York, NY, USA},
 keywords = {ADLB, MPI, concurrency, dataflow, exascale, swift, turbine},
} 
